%% Created using Papers on Wed, 21 Jan 2015.
%% http://papersapp.com/papers/

@article{Earl:2011gt,
author = {Earl, D and Bradnam, K and St John, J and Darling, A and Lin, D and Fass, J and Yu, H O K and Buffalo, V and Zerbino, D R and Diekhans, M and Nguyen, N and Ariyaratne, P N and Sung, W K and Ning, Z and Haimel, M and Simpson, J T and Fonseca, N A and Birol, I and Docking, T R and Ho, I Y and Rokhsar, D S and Chikhi, R and Lavenier, D and Chapuis, G and Naquin, D and Maillet, N and Schatz, M C and Kelley, D R and Phillippy, A M and Koren, S and Yang, S P and Wu, W and Chou, W C and Srivastava, A and Shaw, T I and Ruby, J G and Skewes-Cox, P and Betegon, M and Dimon, M T and Solovyev, V and Seledtsov, I and Kosarev, P and Vorobyev, D and Ramirez-Gonzalez, R and Leggett, R and MacLean, D and Xia, F and Luo, R and Li, Z and Xie, Y and Liu, B and Gnerre, S and MacCallum, I and Przybylski, D and Ribeiro, F J and Yin, S and Sharpe, T and Hall, G and Kersey, P J and Durbin, R and Jackman, S D and Chapman, J A and Huang, X and DeRisi, J L and Caccamo, M and Li, Y and Jaffe, D B and Green, R E and Haussler, D and Korf, I and Paten, B},
title = {{Assemblathon 1: A competitive assessment of de novo short read assembly methods}},
journal = {Genome Research},
year = {2011},
volume = {21},
number = {12},
pages = {2224--2241},
month = dec
}

@article{Simpson:2012ef,
author = {Simpson, Jared T and Durbin, Richard},
title = {{Efficient de novo assembly of large genomes using compressed data structures.}},
journal = {Genome Research},
year = {2012},
volume = {22},
number = {3},
pages = {549--556},
month = mar
}

@article{Li:2012db,
author = {Li, Z and Chen, Y and Mu, D and Yuan, J and Shi, Y and Zhang, H and Gan, J and Li, N and Hu, X and Liu, B and Yang, B and Fan, W},
title = {{Comparison of the two major classes of assembly algorithms: overlap-layout-consensus and de-bruijn-graph}},
journal = {Briefings in Functional Genomics},
year = {2012},
volume = {11},
number = {1},
pages = {25--37},
month = feb
}

@article{Hunt:2014dh,
author = {Hunt, Martin and Newbold, Chris and Berriman, Matthew and Otto, Thomas D},
title = {{A comprehensive evaluation of assembly scaffolding tools}},
year = {2014},
volume = {15},
number = {3},
pages = {1--15},
month = mar
}

@article{Huson:2002kf,
author = {Huson, Daniel H and Reinert, Knut and Myers, Eugene W},
title = {{The greedy path-merging algorithm for contig scaffolding}},
journal = {Journal of the ACM},
year = {2002},
volume = {49},
number = {5},
pages = {603--615},
month = sep
}

@article{ElMetwally:2013bk,
author = {El-Metwally, Sara and Hamza, Taher and Zakaria, Magdi and Helmy, Mohamed},
title = {{Next-Generation Sequence Assembly: Four Stages of Data Processing and Computational Challenges}},
journal = {PLoS computational biology},
year = {2013},
volume = {9},
number = {12},
pages = {e1003345},
month = dec
}

@article{Pop:2009dp,
author = {Pop, M},
title = {{Genome assembly reborn: recent computational challenges}},
journal = {Briefings in Bioinformatics},
year = {2009},
volume = {10},
number = {4},
pages = {354--366},
month = jun
}

@article{Huang:2012kq,
author = {Huang, W and Li, L and Myers, J R and Marth, G T},
title = {{ART: a next-generation sequencing read simulator}},
journal = {Bioinformatics (Oxford, England)},
year = {2012},
volume = {28},
number = {4},
pages = {593--594},
month = feb
}

@article{Myers:2005iq,
author = {Myers, Eugene W},
title = {{The fragment assembly string graph.}},
journal = {Bioinformatics (Oxford, England)},
year = {2005},
volume = {21 Suppl 2},
pages = {ii79--85},
month = sep
}

@article{Gonnella:2012gn,
author = {Gonnella, Giorgio and Kurtz, Stefan},
title = {{Readjoiner: a fast and memory efficient string graph-based sequence assembler.}},
journal = {BMC bioinformatics},
year = {2012},
volume = {13},
pages = {82}
}

